@inproceedings{kannan,
 author = {Kannan, Jayanthkumar and Altekar, Gautam and Maniatis, Petros and Chun, Byung-Gon},
 title = {Making Programs Forget: Enforcing Lifetime for Sensitive Data},
 booktitle = {Proceedings of the 13th USENIX Conference on Hot Topics in Operating Systems},
 series = {HotOS'13},
 year = {2011},
 location = {Napa, California},
 pages = {23--23},
 numpages = {1},
 url = {http://dl.acm.org/citation.cfm?id=1991596.1991627},
 acmid = {1991627},
 publisher = {USENIX Association},
 address = {Berkeley, CA, USA},
}

@inproceedings{graubert,
 author = {R. Graubert},
 title = {On the need for a third form of access control},
 booktitle = {Proceedings of the 12th National Computer Security Conference},
 year = {1989},
 pages = {296--304},
}

@inproceedings{bishop,
 author = {Bishop, Matt and Butler, Emily Rine and Butler, Kevin and Gates, Carrie and Greenspan, Steven},
 title = {Forgive and Forget: Return to Obscurity},
 booktitle = {Proceedings of the 2013 Workshop on New Security Paradigms Workshop},
 series = {NSPW '13},
 year = {2013},
 isbn = {978-1-4503-2582-0},
 location = {Banff, Alberta, Canada},
 pages = {1--10},
 numpages = {10},
 url = {http://doi.acm.org/10.1145/2535813.2535814},
 doi = {10.1145/2535813.2535814},
 acmid = {2535814},
 publisher = {ACM},
 address = {New York, NY, USA},
 keywords = {digital forgetting, ethics of forgetting, how to digitally forget},
}

@inproceedings{crowe,
 author = {Crowe, David and Al-Hamdani, Wasim A.},
 title = {Google Privacy: Something for Nothing?},
 booktitle = {Proceedings of the 2013 on InfoSecCD '13: Information Security Curriculum Development Conference},
 series = {InfoSecCD '13},
 year = {2013},
 isbn = {978-1-4503-2547-9},
 location = {Kennesaw GA, USA},
 pages = {27:27--27:32},
 articleno = {27},
 numpages = {6},
 url = {http://doi.acm.org/10.1145/2528908.2528914},
 doi = {10.1145/2528908.2528914},
 acmid = {2528914},
 publisher = {ACM},
 address = {New York, NY, USA},
 keywords = {Google privacy policy},
}

@inproceedings{bo,
 author = {Bo, Cheng and Shen, Guobin and Liu, Jie and Li, Xiang-Yang and Zhang, YongGuang and Zhao, Feng},
 title = {Privacy.Tag: Privacy Concern Expressed and Respected},
 booktitle = {Proceedings of the 12th ACM Conference on Embedded Network Sensor Systems},
 series = {SenSys '14},
 year = {2014},
 isbn = {978-1-4503-3143-2},
 location = {Memphis, Tennessee},
 pages = {163--176},
 numpages = {14},
 url = {http://doi.acm.org/10.1145/2668332.2668339},
 doi = {10.1145/2668332.2668339},
 acmid = {2668339},
 publisher = {ACM},
 address = {New York, NY, USA},
 keywords = {QR-code, photo sharing, privacy protection},
}

@inproceedings{chow,
 author = {Chow, Jim and Pfaff, Ben and Garfinkel, Tal and Rosenblum, Mendel},
 title = {Shredding Your Garbage: Reducing Data Lifetime Through Secure Deallocation},
 booktitle = {Proceedings of the 14th Conference on USENIX Security Symposium - Volume 14},
 series = {SSYM'05},
 year = {2005},
 location = {Baltimore, MD},
 pages = {22--22},
 numpages = {1},
 url = {http://dl.acm.org/citation.cfm?id=1251398.1251420},
 acmid = {1251420},
 publisher = {USENIX Association},
 address = {Berkeley, CA, USA},
}

@inproceedings{borders,
 author = {Borders, Kevin and Weele, Eric Vander and Lau, Billy and Prakash, Atul},
 title = {Protecting Confidential Data on Personal Computers with Storage Capsules},
 booktitle = {Proceedings of the 18th Conference on USENIX Security Symposium},
 series = {SSYM'09},
 year = {2009},
 location = {Montreal, Canada},
 pages = {367--382},
 numpages = {16},
 url = {http://dl.acm.org/citation.cfm?id=1855768.1855791},
 acmid = {1855791},
 publisher = {USENIX Association},
 address = {Berkeley, CA, USA},
}

@inproceedings{tightlip,
 author = {Yumerefendi, Aydan R. and Mickle, Benjamin and Cox, Landon P.},
 title = {Tightlip: Keeping Applications from Spilling the Beans},
 booktitle = {Proceedings of the 4th USENIX Conference on Networked Systems Design \&\#38; Implementation},
 series = {NSDI'07},
 year = {2007},
 location = {Cambridge, MA},
 pages = {12--12},
 numpages = {1},
 url = {http://dl.acm.org/citation.cfm?id=1973430.1973442},
 acmid = {1973442},
 publisher = {USENIX Association},
 address = {Berkeley, CA, USA},
}

@inproceedings{perlman,
 author = {Perlman, Radia},
 title = {File System Design with Assured Delete},
 booktitle = {Proceedings of the Third IEEE International Security in Storage Workshop},
 series = {SISW '05},
 year = {2005},
 isbn = {0-7695-2537-7},
 pages = {83--88},
 numpages = {6},
 url = {http://dx.doi.org/10.1109/SISW.2005.5},
 doi = {10.1109/SISW.2005.5},
 acmid = {1131279},
 publisher = {IEEE Computer Society},
 address = {Washington, DC, USA},
}

@article{wagner,
    author  = {Mike Wagner and Yun Li-Reilly},
    title   = {THE RIGHT TO BE FORGOTTEN},
    journal = {THE ADVOCATE},
    volume  = {72},
		number  = {6},
    year    = {2014},
		month   = {November},
    pages   = {823--833},
}

@misc{ward,
    author  = {Philip Ward},
    title   = {The "`right to be forgotten"'},
    howpublished = {Library, House of Commons},
    year    = {2014},
		month   = {September},
		note = {SN/HA/6983},
}

@article{bygrave,
 author = {Bygrave, Lee A.},
 title = {A Right to Be Forgotten?},
 journal = {Commun. ACM},
 issue_date = {January 2015},
 volume = {58},
 number = {1},
 month = dec,
 year = {2014},
 issn = {0001-0782},
 pages = {35--37},
 numpages = {3},
 url = {http://doi.acm.org/10.1145/2688491},
 doi = {10.1145/2688491},
 acmid = {2688491},
 publisher = {ACM},
 address = {New York, NY, USA},
}